@article{chimp,
       author = "Altman Quaranta {,} Fretes",
       title = "Desarrollo de un Framework para Aplicar el Paradigma de
       Programaci\'{o}n Reactiva Utilizando Redes de Petri como Procesador de
       Eventos", 
       year = "2015"
}
@article{codegen,
	author = "Caro {,} Furey",
	title = "Framework para la Generaci\'{o}n de C\'{o}digo a partir de una Red de
	Petri",
	year = "2014"
}


@Book{PetriNetsFundamentals,
  ALTauthor = 	 {Michel Diaz},
  ALTeditor = 	 {Michel Diaz},
  title = 	 {Petri nets : fundamental models, verification, and applications},
  publisher = 	 {Wiley},
  year = 	 {2009},
  OPTkey = 	 {},
  OPTvolume = 	 {},
  OPTnumber = 	 {},
  OPTseries = 	 {Control Systems, Robotics and Manufacturing},
  OPTaddress = 	 {},
  OPTedition = 	 {2009},
  OPTmonth = 	 {},
  OPTnote = 	 {},
  OPTannote = 	 {}
}
@Article{FSM_Wright,
  author = 	 {David R. Wright},
  title = 	 {Finite State Machines},
  journal = 	 {CSC215},
  year = 	 {2005},
}

@InProceedings{Petri_Iordache_Antsalkis,
  author = 	 {Marian V. Iordache and Panos J. Antsaklis},
  title = 	 {Decentralized Control of Petri Nets},
  year = 	 {2003},
  booktitle = {International Conference on Application and Theory of Petri Nets}
}

@Article{General_state_equation_PN,
  author = 	 {CEM BAŞKOCAGİL, SALMAN KURTULAN},
  title = 	 {Generalized State Equation for Petri Nets},
  journal = 	 {WSEAS TRANSACTIONS on SYSTEMS},
  year = 	 {2011},
  OPTkey = 	 {},
  OPTvolume = 	 {},
  OPTnumber = 	 {},
  OPTpages = 	 {},
  OPTmonth = 	 {September},
  OPTnote = 	 {},
  OPTannote = 	 {}
}

@Book{Hybrid_petri_nets,
  ALTauthor = 	 {René David, HassaneAlla},
  ALTeditor = 	 {Editor},
  title = 	 {Discrete, Continuous, and Hybrid Petri Nets},
  publisher = 	 {Springer},
  year = 	 {2010},
  OPTkey = 	 {},
  OPTvolume = 	 {},
  OPTnumber = 	 {},
  OPTseries = 	 {},
  OPTaddress = 	 {},
  OPTedition = 	 {Second},
  OPTmonth = 	 {},
  OPTnote = 	 {},
  OPTannote = 	 {}
}

@techreport{Ramchandani:1974:AAC:889750,
 author = {Ramchandani, C.},
 title = {ANALYSIS OF ASYNCHRONOUS CONCURRENT SYSTEMS BY TIMED PETRI NETS},
 year = {1974},
 source = {http://www.ncstrl.org:8900/ncstrl/servlet/search?formname=detail\&id=oai%3Ancstrlh%3Amitai%3AMIT-LCS%2F%2FMIT%2FLCS%2FTR-120},
 publisher = {Massachusetts Institute of Technology},
 address = {Cambridge, MA, USA},
 institution = {Massachusetts Institute of Technology}
}

@TechReport{Ecuacion_generalizada_LAC,
  author = 	 {Dr. Ing. Orlando Micolini, Geol. Marcelo Cebollada y Verdaguer,
              Ing. Maximiliano Eschoyez, Ing. Luis Orlando Ventre, Ing. Marcelo Ismael Schild},
  title = 	 {Ecuación de estadp generalizada para redes de Petri no autónomas y condistintos tipos de arcos},
  institution =  {Laboratorio de Arquitectura de Computadoras (LAC), FCEFyN, Universidad Nacional de Córdoba},
  year = 	 {2016},
  OPTkey = 	 {},
  OPTtype = 	 {},
  OPTnumber = 	 {},
  OPTaddress = 	 {},
  OPTmonth = 	 {},
  OPTnote = 	 {},
  OPTannote = 	 {}
}

@book{Iordache:2006:SCC:1197724,
 author = {Iordache, Marian V. and Antsaklis, Panos J.},
 title = {Supervisory Control of Concurrent Systems: A Petri Net Structural Approach (Systems \& Control: Foundations \& Applications)},
 year = {2006},
 isbn = {0817643575},
 publisher = {Birkhauser},
} 
