@Book{PetriNetsFundamentals,
  ALTauthor = 	 {Michel Diaz},
  ALTeditor = 	 {Michel Diaz},
  title = 	 {Petri nets : fundamental models, verification, and applications},
  publisher = 	 {Wiley},
  year = 	 {2009},
  OPTkey = 	 {},
  OPTvolume = 	 {},
  OPTnumber = 	 {},
  OPTseries = 	 {Control Systems, Robotics and Manufacturing},
  OPTaddress = 	 {},
  OPTedition = 	 {2009},
  OPTmonth = 	 {},
  OPTnote = 	 {},
  OPTannote = 	 {}
}
@Article{FSM_Wright,
  author = 	 {David R. Wright},
  title = 	 {Finite State Machines},
  journal = 	 {CSC215},
  year = 	 {2005},
}

@InProceedings{Petri_Iordache_Antsalkis,
  author = 	 {Marian V. Iordache and Panos J. Antsaklis},
  title = 	 {Decentralized Control of Petri Nets},
  year = 	 {2003},
  booktitle = {International Conference on Application and Theory of Petri Nets}
}
